@Article{ConformationalPlasticityKinases,
  author =       {Huse M. and Kuriyan J.},
  title =        {The conformational plasticity of protein kinases},
  journal =      {Cell},
  year =         {2002},
}

